@article{Demsar2016BalancedMixture,
    title = {{A Balanced Mixture of Antagonistic Pressures Promotes the Evolution of Parallel Movement}},
    year = {2016},
    journal = {Scientific Reports},
    author = {Dem{\v{s}}ar, Jure and {\v{S}}trumbelj, Erik and Lebar Bajec, Iztok},
    volume = {6},
    doi = {10.1038/srep39428}
}

@article{Demsar2017LinguisticEvolution,
    title = {{Evolution of Collective Behaviour in an Artificial World Using Linguistic Fuzzy Rule-Based Systems}},
    year = {2017},
    journal = {PLoS ONE},
    author = {Dem{\v{s}}ar, Jure and Lebar Bajec, Iztok},
    number = {1},
    pages = {1--20},
    volume = {12},
    doi = {10.1371/journal.pone.0168876}
}

@misc{gao24,
      title={Retrieval-Augmented Generation for Large Language Models: A Survey}, 
      author={Yunfan Gao and Yun Xiong and Xinyu Gao and Kangxiang Jia and Jinliu Pan and Yuxi Bi and Yi Dai and Jiawei Sun and Meng Wang and Haofen Wang},
      year={2024},
      eprint={2312.10997},
      archivePrefix={arXiv},
      primaryClass={cs.CL},
      url={https://arxiv.org/abs/2312.10997}, 
}

@misc{he2022,
      title={Rethinking with Retrieval: Faithful Large Language Model Inference}, 
      author={Hangfeng He and Hongming Zhang and Dan Roth},
      year={2022},
      eprint={2301.00303},
      archivePrefix={arXiv},
      primaryClass={cs.CL},
      url={https://arxiv.org/abs/2301.00303}, 
}

@article{Pokhrel2025,
    title={A practical application of Retrieval-Augmented Generation for Website-Based chatbots: combining web scraping, vectorization, and semantic search}, 
    volume={6}, 
    url={https://doi.org/10.36548/jtcsst.2024.4.007}, 
    DOI={10.36548/jtcsst.2024.4.007}, 
    number={4}, 
    journal={Journal of Trends in Computer Science and Smart Technology}, 
    author={Pokhrel, Sangita and C, Bina K and Shah, Prashant Bikram}, 
    year={2025}, 
    month=jan, 
    pages={424–442} 
}

@INPROCEEDINGS{Kanataria2024,
  author={Kanataria, Nikunj and Patel, Kunj Pareshbhai and Patel, Hetul Niteshbhai and Goel, Parth and Patel, Krishna and Garg, Dweepna},
  booktitle={2024 9th International Conference on Communication and Electronics Systems (ICCES)}, 
  title={RAG-Enhanced Large Language Model for Intelligent Assistance from Web-Scraped Data}, 
  year={2024},
  volume={},
  number={},
  pages={1043-1048},
  keywords={Accuracy;Large language models;Retrieval augmented generation;Semantics;Education;Data models;Explosions;Data mining;Indexing;Generative AI;Large Language models (LLMs);Retrieval augmented generation (RAG);Web scraping;Question-answering;RAGAS)},
  doi={10.1109/ICCES63552.2024.10859894}
}

@misc{grootendorst2020keybert,
  author       = {Maarten Grootendorst},
  title        = {KeyBERT: Minimal keyword extraction with BERT.},
  year         = 2020,
  publisher    = {Zenodo},
  version      = {v0.3.0},
  doi          = {10.5281/zenodo.4461265},
  url          = {https://doi.org/10.5281/zenodo.4461265}
}

@article{douze2024faiss,
      title={The Faiss library},
      author={Matthijs Douze and Alexandr Guzhva and Chengqi Deng and Jeff Johnson and Gergely Szilvasy and Pierre-Emmanuel Mazaré and Maria Lomeli and Lucas Hosseini and Hervé Jégou},
      year={2024},
      eprint={2401.08281},
      archivePrefix={arXiv},
      primaryClass={cs.LG}
}

@misc{jiang2023mistral7b,
      title={Mistral 7B}, 
      author={Albert Q. Jiang and Alexandre Sablayrolles and Arthur Mensch and Chris Bamford and Devendra Singh Chaplot and Diego de las Casas and Florian Bressand and Gianna Lengyel and Guillaume Lample and Lucile Saulnier and Lélio Renard Lavaud and Marie-Anne Lachaux and Pierre Stock and Teven Le Scao and Thibaut Lavril and Thomas Wang and Timothée Lacroix and William El Sayed},
      year={2023},
      eprint={2310.06825},
      archivePrefix={arXiv},
      primaryClass={cs.CL},
      url={https://arxiv.org/abs/2310.06825}, 
}